@Book{chartrand,
  author = 	 {Chartrand, D. and Zhang, P.},
  title = 	 {A First Course in Graph Theory},
  edition =      {},
  publisher = 	 {Dover Publications, Inc.},
  address = 	 {Mineola, NY},
  year = 	 {2012}
}

@Book{west,
  author = 	 {West, D.B.},
  title = 	 {Introduction to Graph Theory},
  edition =      {\(2^{nd}\)},
  publisher = 	 {Prentice Hall},
  address = 	 {Upper Saddle River, NJ},
  year = 	 {2001}
}

@Book{agnarsson,
  author = 	 {Agnarsson, G. and Greenlaw, R.},
  title = 	 {Graph Theory: Modeling, Applications, and Algorithms},
  edition =      {},
  publisher = 	 {Prentice Hall},
  address = 	 {Upper Saddle River, NJ},
  year = 	 {2007}
}

@Book{read,
  editor = 	 {Reed, R.C.},
  title = 	 {Graph Theory and Computing},
  edition =      {},
  publisher = 	 {Academic Press},
  address = 	 {New York and London},
  year = 	 {1972}
}

@Book{smyth,
  author={Smyth, C.},
  title={Functional Design for 3D Printing},
  edition={Third Revised},
  publisher={},
  address={},
  year={2017}
}

@Article{sogol,
  author =       {Behdad, S. and Gopalakrishnan, P.K. and Jahanbekam, S. and Kain, H.},
  title =        {Graph Partitioning Technique to Identify Physically Integrated Design Concepts},
  journal =      {Proceedings of the ASME 2018 International Design Engineering Technical Conferences \& Computers and
  Information in Engineering Conference},
  volume =       {},
  year =         {2018},
  number =       {DETC2018-85646},
  pages =        {1--13}
}

@Article{beigel,
  author =       {Beigel, R. and Eppstein, D.},
  title =        {3-coloring in time \(\mathcal{O}(1.3289^n)\)},
  journal =      {Journal of Algorithms},
  volume =       {54},
  year =         {2005},
  number =       {},
  pages =        {168--204}
}

@Article{suh,
  author={Suh, N.P.},
  title={Axiomatic Design Theory for Systems},
  journal={Research in Engineering Design},
  volume={10},
  year={1998},
  number={4},
  pages={189--209}
}
