@book{suh,
  author={Suh, Nam P.},
  title={The Principles of Design},
  publisher={Oxford University Press},
  address={New York},
  year={1990}
}

@article{suh2,
  author={Suh, Nam P.},
  title={Axiomatic design theory for systems},
  journal={Research in Engineering Design},
  volume={10},
  pages={189--209},
  year={1998}
}

@inproceedings{jahanbekam,
  author={Behdad, Sara and Gopalakrishnan, Praveen Kumare and Jahanbekam, Sogol and Klein, Helen},
  title={Graph Partitioning Technique to Identify Physically Integrated Design Concepts},
  series={Proceedings of the ASME 2018 International Design Engineering Technical Conferences \& Computers and
  Information in Engineering Conference},
  number={DETC2018-85646},
  series={IDETC/CIE 2018},
  address={Quebec, Canada},
  month={Aug 26--29},
  year={2018}
}

@inproceedings{cavallaro,
  author={Behdad, Sara and Cavallaro, Jeffery and Gopalakrishnan, Praveen Kumare and Jahanbekam, Sogol},
  title={A Graph Coloring Technique for Identifying the Minimum Number of Parts for Physical Integration in
  Product Design},
  series={Proceedings of the ASME 2019 International Design Engineering Technical Conferences \& Computers and
  Information in Engineering Conference},
  number={DETC2019-98251},
  series={IDETC/CIE 2019},
  address={Anaheim, CA},
  month={Aug 18--21},
  year={2019}
}

@article{shirwaiker,
  author={Shirwaiker, Rohan A. and Okudan, G\"{u}l E.},
  title={Triz and Axiomatic Design: A Review of Case-Studies and a Proposed Synergistic Use},
  journal={Journal of Intelligent Manufacturing},
  volume={19},
  number={1},
  pages={33--47},
  month={February},
  year={2008}
}

@incollection{tang,
  author={Tang, Yunlong and Yang, Sheng and Zhao, Yaoyao F.},
  title={Sustainable Design for Additive Manufacturing Through Functionality Integration and Part Consolidation},
  editor={Muthu, Subramaniam S. and Savalani, Monica M.},
  booktitle={Handbook of Sustainability in Additive Manufacturing},
  volume={1},
  publisher={Springer},
  address={Singapore},
  year={2016},
  pages={101--144}
}

@book{chartrand,
  author={Chartrand, Gary and Zhang, Ping},
  title={A First Course in Graph Theory},
  publisher={Dover Publications},
  address={Mineola, New York},
  year={2012}
}

@book{west,
  author={West, Douglas B.},
  title={Introduction to Graph Theory},
  edition={\(2^{nd}\)},
  publisher={Prentice Hall},
  address={Upper Saddle River, NJ},
  year={2001}
}

@article{mcdiarmid,
  author={McDiarmid, Colin},
  title={Determining the Chromatic Number of a Graph},
  journal={SIAM Journal on Computing},
  volume={8},
  number={1},
  month={02},
  year={1979},
  pages={1-14}
}

@article{christofides,
  author={Christofides, Nicos},
  title={An Algorithm for the Chromatic Number of a Graph},
  journal={The Computer Journal},
  volume = {14},
  number = {1},
  month = {January},
  year = {1971},
  pages = {38--39}
}

@book{zykov,
  title={On Some Properties of Linear Complexes},
  author={Zykov, Alexandre A.},
  series={American Mathematical Society Translations Series One},
  publisher={American Mathematical Society},
  volume={7},
  year={1949 (translated 1952)},
  pages={418--449}
}

@article{hopcroft,
  author={Hopcroft, John and Tarjan, Robert},
  title={Algorithm 447: Efficient Algorithms for Graph Manipulation},
  journal={Communications of the ACM},
  publisher={Assocation for Computing Machinery (ACM)},
  address={New York},
  volume={16},
  number={6},
  month={June},
  year={1973},
  pages={372--378}
}

@article{corneil,
  author={Corneil, Derek G. and Graham, Barry.},
  title={An Algorithm for Determining the Chromatic Number of a Graph},
  journal={SIAM Journal on Computing},
  volume={2},
  number={4},
  month={December},
  year={1973},
  pages={311--318}
}

@article{bron,
  author={Bron, Coen and Kerbosch, Joep},
  title={Algorithm 457: Finding All Cliques of an Undirected Graph},
  journal={Communications of the ACM},
  volume={16},
  number={9},
  publisher={Assocation for Computing Machinery (ACM)},
  address={New York},
  month={September},
  year={1973},
  pages={575--577}
}

@article{edwards,
  author={Edwards, C.S. and Elphick, C.H.},
  title={Lower Bounds for the Clique and the Chromatic Numbers of a Graph},
  journal={Discrete Applied Mathematics},
  publisher={North-Holland Publishing Company},
  volume={5},
  number={1},
  year={1983},
  pages={51--64}
}

@article{myers,
  author={Myers, B.R. and Liu, R},
  title={A Lower Bound on the Chromatic Number of a Graph},
  journal={Networks},
  volume={1},
  publisher={John Wiley and Sons, Inc},
  year={1972},
  pages={273--277}
}

@article{voloshin,
  author={Voloshin, Vitaly},
  title={A Tribute to A. A. and T. E. Zykovs on the Occasion of A. A. Zykov's 90th Birthday},
  journal={Topics in Graph Theory},
  editor={Tyshkevich, R.},
  month={November},
  year={2013}
}

@article{obit,
  title={Alexander Zykov 1922-2013},
  author={Voloshin, Vitaly},
  month={January},
  year={2014}
}

@article{read,
  author={Read, Ronald C.},
  title={An Introduction to Chromatic Polynomials},
  journal={Journal of Combinatorial Theory},
  volume={4},
  year={1968},
  pages={52--71}
}
