@book{chartrand,
author="G. Chartrand and P. Zhang",
title="A First Course in Graph Theory",
publisher="Dover Publications",
address="Mineola, New York",
year=2012
}
