@Book{chartrand,
  author = 	 {Chartrand, D. and Zhang, P.},
  title = 	 {A First Course in Graph Theory},
  edition =      {},
  publisher = 	 {Dover Publications, Inc.},
  address = 	 {Mineola, NY},
  year = 	 {2012}
}

@Book{west,
  author = 	 {West, D.B.},
  title = 	 {Introduction to Graph Theory},
  edition =      {\(2^{nd}\)},
  publisher = 	 {Prentice Hall},
  address = 	 {Upper Saddle River, NJ},
  year = 	 {2001}
}

@Book{agnarsson,
  author = 	 {Agnarsson, G. and Greenlaw, R.},
  title = 	 {Graph Theory: Modeling, Applications, and Algorithms},
  edition =      {},
  publisher = 	 {Prentice Hall},
  address = 	 {Upper Saddle River, NJ},
  year = 	 {2007}
}

@Book{read,
  editor = 	 {Reed, R.C.},
  title = 	 {Graph Theory and Computing},
  edition =      {},
  publisher = 	 {Academic Press},
  address = 	 {New York and London},
  year = 	 {1972}
}

@Article{cavallaro,
  author =       {Behdad, S. and Gopalakrishnan, P.K. and Jahanbekam, S. and Cavallaro, J.},
  title =        {A Graph Coloring Technique for Identifying the Minimum Number of Parts for Physical Integration in
  Product Design},
  journal =      {Proceedings of the ASME 2019 International Design Engineering Technical Conferences \& Computers and
  Information in Engineering Conference},
  volume =       {},
  year =         {2019},
  number =       {DETC2018-98251},
}

@Book{suh,
  author =       {Suh, N.P.},
  title = 	 {The Principles of Design},
  publisher = 	 {Oxford University Press},
  address = 	 {New York},
  year = 	 {1990}
}

@Article{suh2,
  author =       {Suh, N.P.},
  title =        {Axiomatic Design Theory for Systems},
  journal =      {Research in Engineering Design},
  volume =       {10},
  year =         {1998},
  number =       {4},
  pages =        {189--209}
}

@Book{nica,
  author = 	 {Nica, B.},
  title = 	 {A Brief Introduction to Spectral Graph Theory},
  publisher = 	 {European Mathematical Society},
  address = 	 {Zurich},
  year = 	 {2018}
}

@Book{godsil,
  author = 	 {Godsil, C. and Royle, G.},
  title = 	 {Algebraic Graph Theory},
  publisher = 	 {Springer},
  address = 	 {New York},
  year = 	 {2001}
}

@Article{mcdiarmid,
  author =       {McDiarmid, C.},
  title =        {Determining the Chromatic Number of a Graph},
  journal =      {Siam Journal on Scientific Computing},
  volume =       {8},
  year =         {1979},
  number =       {1}
}
